@article{batelSocialAcceptance2013a,
  title = {Social Acceptance of Low Carbon Energy and Associated Infrastructures: {{A}} Critical Discussion},
  shorttitle = {Social Acceptance of Low Carbon Energy and Associated Infrastructures},
  author = {Batel, Susana and {Devine-Wright}, Patrick and Tangeland, Torvald},
  year = {2013},
  month = jul,
  journal = {Energy Policy},
  volume = {58},
  pages = {1--5},
  issn = {03014215},
  doi = {10.1016/j.enpol.2013.03.018},
  urldate = {2023-02-02},
  langid = {english},
  file = {/home/fneum/Zotero/storage/58AMHKE2/batel2013.pdf.pdf}
}

@article{bertschPublicAcceptance2016,
  title = {Public Acceptance and Preferences Related to Renewable Energy and Grid Expansion Policy: {{Empirical}} Insights for {{Germany}}},
  shorttitle = {Public Acceptance and Preferences Related to Renewable Energy and Grid Expansion Policy},
  author = {Bertsch, Valentin and Hall, Margeret and Weinhardt, Christof and Fichtner, Wolf},
  year = {2016},
  month = nov,
  journal = {Energy},
  volume = {114},
  pages = {465--477},
  issn = {03605442},
  doi = {10.1016/j.energy.2016.08.022},
  urldate = {2023-02-02},
  langid = {english},
  file = {/home/fneum/Zotero/storage/EM94TBYK/bertsch2016.pdf.pdf;/home/fneum/Zotero/storage/XAUNJ4BD/Bertsch et al. - 2016 - Public acceptance and preferences related to renew.pdf}
}

@article{blancoPotentialHydrogen2018,
  title = {Potential for Hydrogen and {{Power-to-Liquid}} in a Low-Carbon {{EU}} Energy System Using Cost Optimization},
  author = {Blanco, Herib and Nijs, Wouter and Ruf, Johannes and Faaij, André},
  year = {2018},
  month = dec,
  journal = {Appl. Energy},
  volume = {232},
  pages = {617--639},
  issn = {03062619},
  doi = {10.1016/j.apenergy.2018.09.216},
  urldate = {2021-12-09},
  langid = {english},
  file = {/home/fneum/Zotero/storage/AKL9TV7E/Blanco et al. - 2018 - Potential for hydrogen and Power-to-Liquid in a lo.pdf;/home/fneum/Zotero/storage/Q65IZNCP/bc7d4df7025c38a7672645ef37184ac6.pdf.pdf;/home/fneum/Zotero/storage/UA7MF47X/bc7d4df7025c38a7672645ef37184ac6.pdf.pdf}
}

@article{boudetPublicPerceptions2019a,
  title = {Public Perceptions of and Responses to New Energy Technologies},
  author = {Boudet, Hilary S.},
  year = {2019},
  month = may,
  journal = {Nat Energy},
  volume = {4},
  number = {6},
  pages = {446--455},
  issn = {2058-7546},
  doi = {10.1038/s41560-019-0399-x},
  urldate = {2023-02-02},
  langid = {english},
  file = {/home/fneum/Zotero/storage/QKED2XMY/10.1038@s41560-019-0399-x.pdf.pdf}
}

@article{brownPyPSAPython2018,
  title = {{{PyPSA}}: {{Python}} for {{Power System Analysis}}},
  shorttitle = {{{PyPSA}}},
  author = {Brown, Tom and Hörsch, Jonas and Schlachtberger, David},
  year = {2018},
  month = jan,
  journal = {J. Open Res. Softw.},
  volume = {6},
  pages = {4},
  issn = {2049-9647},
  doi = {10.5334/jors.188},
  urldate = {2019-08-03},
  langid = {english},
  annotation = {60 citations (Crossref) [2021-02-14]},
  file = {/home/fneum/Zotero/storage/9AZ3B5TD/Brown, Hörsch, Schlachtberger - 2018 - PyPSA Python for Power System Analysis.pdf;/home/fneum/Zotero/storage/B8VGQLT2/Brown, Hörsch, Schlachtberger - 2017 - PyPSA Python for Power System Analysis.pdf;/home/fneum/Zotero/storage/H65YVM3J/Brown et al. - 2018 - PyPSA Python for Power System Analysis.pdf;/home/fneum/Zotero/storage/JSDMFFUT/Brown et al. - 2018 - PyPSA Python for Power System Analysis.pdf}
}

@article{brownSynergiesSector2018,
  title = {Synergies of Sector Coupling and Transmission Extension in a Cost-Optimised, Highly Renewable {{European}} Energy System},
  author = {Brown, Tom and Schlachtberger, David and Kies, A. and Schramm, S. and Greiner, Martin},
  year = {2018},
  journal = {Energy},
  issn = {03605442},
  doi = {10.1016/j.energy.2018.06.222},
  keywords = {TEP},
  file = {/home/fneum/Zotero/storage/8Z2MXDJK/Brown et al. - 2018 - Synergies of sector coupling and transmission extension in a cost-optimised, highly renewable European energy syst.pdf;/home/fneum/Zotero/storage/K3EC8MXJ/brown2018.pdf.pdf;/home/fneum/Zotero/storage/Q2RA2JPY/Brown et al. - 2018 - Synergies of sector coupling and transmission extension in a cost-optimised, highly renewable European energy s(2).pdf}
}

@article{Caglayan2019,
  title = {The Impact of Temporal Complexity Reduction on a 100\% Renewable European Energy System with Hydrogen Infrastructure},
  author = {Caglayan, Dilara Gulcin and Heinrichs, Heidi Ursula and Stolten, Detlef and Robinius, Martin},
  year = {2019},
  journal = {Preprints.org},
  pages = {2019100150},
  doi = {10.20944/preprints201910.0150.v1}
}

@article{caglayanRobustDesign2021,
  title = {Robust Design of a Future 100\% Renewable European Energy Supply System with Hydrogen Infrastructure},
  author = {Caglayan, Dilara Gulcin and Heinrichs, Heidi U. and Robinius, Martin and Stolten, Detlef},
  year = {2021},
  month = aug,
  journal = {Int. J. Hydrog. Energy},
  volume = {46},
  number = {57},
  pages = {29376--29390},
  issn = {03603199},
  doi = {10.1016/j.ijhydene.2020.12.197},
  urldate = {2022-02-27},
  langid = {english},
  file = {/home/fneum/Zotero/storage/BFIYCJFY/Caglayan et al. - 2021 - Robust design of a future 100% renewable european .pdf}
}

@article{cerniauskasOptionsNatural2020,
  title = {Options of Natural Gas Pipeline Reassignment for Hydrogen: {{Cost}} Assessment for a {{Germany}} Case Study},
  shorttitle = {Options of Natural Gas Pipeline Reassignment for Hydrogen},
  author = {Cerniauskas, Simonas and Jose Chavez Junco, Antonio and Grube, Thomas and Robinius, Martin and Stolten, Detlef},
  year = {2020},
  month = apr,
  journal = {Int. J. Hydrog. Energy},
  volume = {45},
  number = {21},
  pages = {12095--12107},
  issn = {03603199},
  doi = {10.1016/j.ijhydene.2020.02.121},
  urldate = {2023-02-02},
  langid = {english},
  file = {/home/fneum/Zotero/storage/KYTQNEMP/cerniauskas2020.pdf.pdf;/home/fneum/Zotero/storage/LHWQQEGL/Cerniauskas et al. - 2020 - Options of natural gas pipeline reassignment for h.pdf}
}

@article{childFlexibleElectricity2019,
  title = {Flexible Electricity Generation, Grid Exchange and Storage for the Transition to a 100\% Renewable Energy System in {{Europe}}},
  author = {Child, Michael and Kemfert, Claudia and Bogdanov, Dmitrii and Breyer, Christian},
  year = {2019},
  month = feb,
  journal = {Renew. Energy},
  volume = {155},
  pages = {390--402},
  publisher = {{Elsevier Ltd}},
  issn = {09601481},
  doi = {10.1016/j.renene.2019.02.077},
  keywords = {100\% Renewable energy,Energy policy,Energy transition,Europe,Storage technologies},
  annotation = {92 citations (Crossref) [2021-02-14]},
  file = {/home/fneum/Zotero/storage/4W6YH3N2/child2019.pdf.pdf;/home/fneum/Zotero/storage/A2IJZ7TJ/child2019.pdf.pdf;/home/fneum/Zotero/storage/IFH82FAM/Child et al. - 2019 - Flexible electricity generation, grid exchange and.pdf;/home/fneum/Zotero/storage/IP72Z78Q/Child et al. - 2019 - Flexible electricity generation, grid exchange and.pdf;/home/fneum/Zotero/storage/PFPSH8VM/Child et al. - 2019 - Flexible electricity generation, grid exchange and storage for the transition to a 100% renewable energy system in.pdf}
}

@techreport{circular_economy,
  title = {The Circular Economy – {{A}} Powerful Force for Climate Mitigation},
  author = {{Material Economics}},
  year = {2018},
  month = jun,
  url = {https://www.sitra.fi/app/uploads/2018/06/the-circular-economy-a-powerful-force-for-climate-mitigation.pdf}
}

@article{cohenRefocussingResearch2014a,
  title = {Re-Focussing Research Efforts on the Public Acceptance of Energy Infrastructure: {{A}} Critical Review},
  shorttitle = {Re-Focussing Research Efforts on the Public Acceptance of Energy Infrastructure},
  author = {Cohen, Jed J. and Reichl, Johannes and Schmidthaler, Michael},
  year = {2014},
  month = nov,
  journal = {Energy},
  volume = {76},
  pages = {4--9},
  issn = {03605442},
  doi = {10.1016/j.energy.2013.12.056},
  urldate = {2023-02-02},
  langid = {english},
  file = {/home/fneum/Zotero/storage/T6BGZKPV/cohen2014.pdf.pdf}
}

@article{connollySmartEnergy2016,
  title = {Smart {{Energy Europe}}: {{The}} Technical and Economic Impact of One Potential 100\% Renewable Energy Scenario for the {{European Union}}},
  shorttitle = {Smart {{Energy Europe}}},
  author = {Connolly, D. and Lund, H. and Mathiesen, B.V.},
  year = {2016},
  month = jul,
  journal = {Renew. Sust. Energ. Rev.},
  volume = {60},
  pages = {1634--1653},
  issn = {13640321},
  doi = {10.1016/j.rser.2016.02.025},
  urldate = {2021-12-09},
  langid = {english},
  keywords = {100\% renewable energy,EnergyPLAN,Europe,Jobs},
  file = {/home/fneum/Zotero/storage/9R74MWXB/connolly2016.pdf.pdf;/home/fneum/Zotero/storage/ZU26FWFY/connolly2016.pdf.pdf}
}

@misc{DEA,
  title = {Technology Data},
  author = {{Danish Energy Agency}},
  year = {2020},
  url = {https://ens.dk/en/our-services/projections-and-models/technology-data}
}

@article{doddsHydrogenFuel2015,
  title = {Hydrogen and Fuel Cell Technologies for Heating: {{A}} Review},
  shorttitle = {Hydrogen and Fuel Cell Technologies for Heating},
  author = {Dodds, Paul E. and Staffell, Iain and Hawkes, Adam D. and Li, Francis and Grünewald, Philipp and McDowall, Will and Ekins, Paul},
  year = {2015},
  month = feb,
  journal = {Int. J. Hydrog. Energy},
  volume = {40},
  number = {5},
  pages = {2065--2083},
  issn = {03603199},
  doi = {10.1016/j.ijhydene.2014.11.059},
  urldate = {2023-02-02},
  langid = {english},
  file = {/home/fneum/Zotero/storage/IVAHAQRR/Dodds et al. - 2015 - Hydrogen and fuel cell technologies for heating A.pdf;/home/fneum/Zotero/storage/X4X93T8C/dodds2015.pdf.pdf}
}

@article{ecmwf,
  title = {The {{ERA5}} Global Reanalysis},
  author = {Hersbach, Hans and Bell, Bill and Berrisford, Paul and Hirahara, Shoji and Horányi, András and {Muñoz-Sabater}, Joaquín and Nicolas, Julien and Peubey, Carole and Radu, Raluca and Schepers, Dinand and Simmons, Adrian and Soci, Cornel and Abdalla, Saleh and Abellan, Xavier and Balsamo, Gianpaolo and Bechtold, Peter and Biavati, Gionata and Bidlot, Jean and Bonavita, Massimo and De Chiara, Giovanna and Dahlgren, Per and Dee, Dick and Diamantakis, Michail and Dragani, Rossana and Flemming, Johannes and Forbes, Richard and Fuentes, Manuel and Geer, Alan and Haimberger, Leo and Healy, Sean and Hogan, Robin J. and Hólm, Elías and Janisková, Marta and Keeley, Sarah and Laloyaux, Patrick and Lopez, Philippe and Lupu, Cristina and Radnoti, Gabor and {de Rosnay}, Patricia and Rozum, Iryna and Vamborg, Freja and Villaume, Sebastien and Thépaut, Jean-Noël},
  year = {2020},
  journal = {Q. J. R. Meteorol. Soc.},
  volume = {146},
  number = {730},
  pages = {1999--2049},
  doi = {10.1002/qj.3803}
}

@techreport{entso-eTYNDP20222022,
  title = {{{TYNDP}} 2022 {{Implementation Guidelines}}},
  author = {{ENTSO-E}},
  year = {2022},
  url = {https://eepublicdownloads.blob.core.windows.net/public-cdn-container/tyndp-documents/TYNDP2022/IG/220304\_TYNDP2022-Implementation-Guidelines.pdf},
  langid = {english},
  file = {/home/fneum/Zotero/storage/LZDPRRA4/2022 - TYNDP 2022 Implementation Guidelines.pdf}
}

@techreport{europeancommission.directorategeneralforenergy.METISStudy2021,
  title = {{{METIS}} Study on Costs and Benefits of a Pan-{{European}} Hydrogen Infrastructure: In Assistance to the Impact Assessment for Designing a Regulatory Framework for Hydrogen : {{METIS}} 3, {{Study S3}}.},
  shorttitle = {{{METIS}} Study on Costs and Benefits of a Pan-{{European}} Hydrogen Infrastructure},
  author = {{European Commission. Directorate General for Energy.}},
  year = {2021},
  url = {https://data.europa.eu/doi/10.2833/736971},
  urldate = {2022-01-02},
  langid = {english},
  file = {/home/fneum/Zotero/storage/RNKZ4NKK/European Commission. Directorate General for Energy. - 2021 - METIS study on costs and benefits of a pan-Europea.pdf}
}

@article{fasihiTechnoeconomicAssessment2019,
  title = {Techno-Economic Assessment of {{CO2}} Direct Air Capture Plants},
  author = {Fasihi, Mahdi and Efimova, Olga and Breyer, Christian},
  year = {2019},
  month = jul,
  journal = {J. Clean. Prod.},
  volume = {224},
  pages = {957--980},
  issn = {09596526},
  doi = {10.1016/j.jclepro.2019.03.086},
  urldate = {2022-01-29},
  langid = {english},
  file = {/home/fneum/Zotero/storage/52HVLII8/fasihi2019.pdf.pdf}
}

@article{fellingMultihorizonPlanning2022,
  title = {Multi-Horizon Planning of Multi-Energy Systems},
  author = {Felling, Tim and Levers, Oliver and Fortenbacher, Philipp},
  year = {2022},
  month = nov,
  journal = {Electr. Power Syst. Res.},
  volume = {212},
  pages = {108509},
  issn = {03787796},
  doi = {10.1016/j.epsr.2022.108509},
  urldate = {2023-02-11},
  langid = {english},
  file = {/home/fneum/Zotero/storage/755ZLFB6/Felling et al. - 2022 - Multi-horizon planning of multi-energy systems.pdf}
}

@article{frysztackiStrongEffect2021,
  title = {The Strong Effect of Network Resolution on Electricity System Models with High Shares of Wind and Solar},
  author = {Frysztacki, Martha Maria and Hörsch, Jonas and Hagenmeyer, Veit and Brown, Tom},
  year = {2021},
  month = jun,
  journal = {Appl. Energy},
  volume = {291},
  eprint = {2101.10859},
  pages = {116726},
  issn = {03062619},
  doi = {10.1016/j.apenergy.2021.116726},
  urldate = {2021-08-03},
  archiveprefix = {arxiv},
  langid = {english},
  file = {/home/fneum/Zotero/storage/6MUHA7G9/Frysztacki et al. - 2021 - The strong effect of network resolution on electri.pdf}
}

@techreport{gasforclimateEuropeanHydrogen2020,
  title = {European {{Hydrogen Backbone}} - {{How}} a Dedicated Hydrogen Infrastructure Can Be Created},
  author = {{Gas for Climate}},
  year = {2020},
  month = jun,
  url = {https://gasforclimate2050.eu/wp-content/uploads/2020/07/2020\_European-Hydrogen-Backbone\_Report.pdf},
  file = {/home/fneum/Zotero/storage/4UYNRV2V/2020_European-Hydrogen-Backbone_Report.pdf}
}

@techreport{gasforclimateEuropeanHydrogen2021,
  title = {European {{Hydrogen Backbone}} - {{Analysing}} Future Demand, Supply, and Transport of Hydrogen},
  author = {{Gas for Climate}},
  year = {2021},
  month = jun,
  url = {https://gasforclimate2050.eu/wp-content/uploads/2021/06/EHB\_Analysing-the-future-demand-supply-and-transport-of-hydrogen\_June-2021.pdf},
  file = {/home/fneum/Zotero/storage/L8HMG87L/EHB_Analysing-the-future-demand-supply-and-transport-of-hydrogen_June-2021.pdf}
}

@techreport{gasforclimateEuropeanHydrogen2022,
  title = {European {{Hydrogen Backbone}} - {{A European Hydrogen Infrastructure Vision Coverving}} 28 {{Countries}}},
  author = {{Gas for Climate}},
  year = {2022},
  month = apr,
  url = {https://gasforclimate2050.eu/wp-content/uploads/2022/04/EHB-A-European-hydrogen-infrastructure-vision-covering-28-countries.pdf},
  urldate = {2022-05-07},
  file = {/home/fneum/Zotero/storage/U8SRKA6E/EHB-A-European-hydrogen-infrastructure-vision-covering-28-countries.pdf}
}

@techreport{gasforclimateExtendingEuropean2021,
  title = {Extending the {{European Hydrogen Backbone}} - {{A European Hydrogen Infrastructure Vision Covering}} 21 {{Countries}}},
  author = {{Gas for Climate}},
  year = {2021},
  month = apr,
  url = {https://gasforclimate2050.eu/wp-content/uploads/2021/06/European-Hydrogen-Backbone\_April-2021\_V3.pdf},
  file = {/home/fneum/Zotero/storage/5TILZJ2X/European-Hydrogen-Backbone_April-2021_V3.pdf}
}

@article{gea-bermudezRoleSector2021,
  title = {The Role of Sector Coupling in the Green Transition: {{A}} Least-Cost Energy System Development in {{Northern-central Europe}} towards 2050},
  shorttitle = {The Role of Sector Coupling in the Green Transition},
  author = {{Gea-Bermúdez}, Juan and Jensen, Ida Græsted and Münster, Marie and Koivisto, Matti and Kirkerud, Jon Gustav and Chen, Yi-kuang and Ravn, Hans},
  year = {2021},
  month = may,
  journal = {Appl. Energy},
  volume = {289},
  pages = {116685},
  issn = {03062619},
  doi = {10.1016/j.apenergy.2021.116685},
  urldate = {2023-02-08},
  langid = {english},
  file = {/home/fneum/Zotero/storage/PR9CE5A3/10.1016@j.apenergy.2021.116685.pdf.pdf}
}

@article{gilsInteractionHydrogen2021,
  title = {Interaction of Hydrogen Infrastructures with Other Sector Coupling Options towards a Zero-Emission Energy System in {{Germany}}},
  author = {Gils, Hans Christian and Gardian, Hedda and Schmugge, Jens},
  year = {2021},
  month = dec,
  journal = {Renew. Energy},
  volume = {180},
  pages = {140--156},
  issn = {09601481},
  doi = {10.1016/j.renene.2021.08.016},
  urldate = {2021-09-14},
  langid = {english},
  file = {/home/fneum/Zotero/storage/IHC3CWDU/Gils et al. - 2021 - Interaction of hydrogen infrastructures with other.pdf}
}

@article{hamppImportOptions2023,
  title = {Import Options for Chemical Energy Carriers from Renewable Sources to {{Germany}}},
  author = {Hampp, Johannes and Düren, Michael and Brown, Tom},
  editor = {Trinidad Segovia, J E.},
  year = {2023},
  month = feb,
  journal = {PLoS ONE},
  volume = {18},
  number = {2},
  pages = {e0262340},
  issn = {1932-6203},
  doi = {10.1371/journal.pone.0281380},
  urldate = {2023-02-10},
  langid = {english},
  file = {/home/fneum/Zotero/storage/3W6ZL2QH/Hampp et al. - 2023 - Import options for chemical energy carriers from r.pdf}
}

@article{hanleyRoleHydrogen2018,
  title = {The Role of Hydrogen in Low Carbon Energy Futures–{{A}} Review of Existing Perspectives},
  author = {Hanley, Emma S. and Deane, {\relax JP} and Gallachóir, {\relax BP}},
  year = {2018},
  month = feb,
  journal = {Renew. Sust. Energ. Rev.},
  volume = {82},
  pages = {3027--3045},
  issn = {13640321},
  doi = {10.1016/j.rser.2017.10.034},
  urldate = {2023-02-02},
  langid = {english},
  file = {/home/fneum/Zotero/storage/DUZ8MLWW/hanley2018.pdf.pdf}
}

@article{henningComprehensiveModel2014,
  title = {A Comprehensive Model for the {{German}} Electricity and Heat Sector in a Future Energy System with a Dominant Contribution from Renewable Energy Technologies—{{Part I}}: {{Methodology}}},
  shorttitle = {A Comprehensive Model for the {{German}} Electricity and Heat Sector in a Future Energy System with a Dominant Contribution from Renewable Energy Technologies—{{Part I}}},
  author = {Henning, Hans-Martin and Palzer, Andreas},
  year = {2014},
  month = feb,
  journal = {Renew. Sust. Energ. Rev.},
  volume = {30},
  pages = {1003--1018},
  issn = {13640321},
  doi = {10.1016/j.rser.2013.09.012},
  urldate = {2021-12-09},
  langid = {english},
  file = {/home/fneum/Zotero/storage/PLIJW9B6/henning2014.pdf.pdf}
}

@article{heubergerPowerCapacity2017,
  title = {Power Capacity Expansion Planning Considering Endogenous Technology Cost Learning},
  author = {Heuberger, Clara F. and Rubin, Edward S. and Staffell, Iain and Shah, Nilay and Mac Dowell, Niall},
  year = {2017},
  month = oct,
  journal = {Appl. Energy},
  volume = {204},
  pages = {831--845},
  issn = {03062619},
  doi = {10.1016/j.apenergy.2017.07.075},
  urldate = {2020-08-24},
  langid = {english},
  keywords = {read},
  annotation = {65 citations (Crossref) [2021-02-14]},
  file = {/home/fneum/Zotero/storage/FSE5257E/Heuberger et al. - 2017 - Power capacity expansion planning considering endo.pdf}
}

@article{heuserTechnoeconomicAnalysis2019,
  title = {Techno-Economic Analysis of a Potential Energy Trading Link between {{Patagonia}} and {{Japan}} Based on {{CO2}} Free Hydrogen},
  author = {Heuser, Philipp-Matthias and Ryberg, D. Severin and Grube, Thomas and Robinius, Martin and Stolten, Detlef},
  year = {2019},
  month = may,
  journal = {Int. J. Hydrog. Energy},
  volume = {44},
  number = {25},
  pages = {12733--12747},
  issn = {03603199},
  doi = {10.1016/j.ijhydene.2018.12.156},
  urldate = {2019-12-10},
  langid = {english},
  annotation = {ZSCC: 0000007 16 citations (Crossref) [2021-02-14]},
  file = {/home/fneum/Zotero/storage/C7LEVB22/heuser2019.pdf.pdf;/home/fneum/Zotero/storage/NA6DZBWF/Heuser et al. - 2019 - Techno-economic analysis of a potential energy tra.pdf;/home/fneum/Zotero/storage/QHTZFKUZ/heuser2019.pdf.pdf}
}

@inproceedings{Hoersch2017,
  title = {The Role of Spatial Scale in Joint Optimisations of Generation and Transmission for {{European}} Highly Renewable Scenarios},
  booktitle = {Proceedings of 14th International Conference on the European Energy Market ({{EEM}} 2017)},
  author = {Hörsch, Jonas and Brown, Tom},
  year = {2017},
  address = {{Dresden}},
  doi = {10.1109/eem.2017.7982024},
  preprint = {arXiv:1705.07617}
}

@article{horschLinearOptimal2018,
  title = {Linear Optimal Power Flow Using Cycle Flows},
  author = {Hörsch, Jonas and Ronellenfitsch, Henrik and Witthaut, Dirk and Brown, Tom},
  year = {2018},
  journal = {Electr. Power Syst. Res.},
  volume = {158},
  pages = {126--135},
  issn = {03787796},
  doi = {10.1016/j.epsr.2017.12.034},
  keywords = {★,DC power flow,Dual network,Graph theory,implement,Linear optimal power flow},
  file = {/home/fneum/Zotero/storage/JNLXU7RF/Hörsch et al. - 2018 - Linear optimal power flow using cycle flows.pdf;/home/fneum/Zotero/storage/W8I7SAHK/10.1016@j.epsr.2017.12.034.pdf.pdf}
}

@article{horschPyPSAEurOpen2018,
  title = {{{PyPSA-Eur}}: {{An}} Open Optimisation Model of the {{European}} Transmission System},
  author = {Hörsch, Jonas and Hofmann, Fabian and Schlachtberger, David and Brown, Tom},
  year = {2018},
  journal = {Energy Strategy Rev.},
  volume = {22},
  pages = {207--215},
  issn = {2211467X},
  doi = {10.1016/j.esr.2018.08.012},
  file = {/home/fneum/Zotero/storage/79KWXKYF/Hörsch et al. - 2018 - PyPSA-Eur An Open Optimisation Model of the European Transmission System.pdf;/home/fneum/Zotero/storage/NBZJ5HGU/Hörsch et al. - 2018 - PyPSA-Eur An open optimisation model of the European transmission system.pdf;/home/fneum/Zotero/storage/UJCSJZVU/Hörsch et al. - 2018 - PyPSA-Eur An open optimisation model of the European transmission system(2).pdf}
}

@techreport{in-depth_2018,
  title = {In-Depth Analysis in Support of the {{Comission Communication COM}}(2018) 773 {{A Clean Planet}} for All. {{A European}} Long-Term Strategic Vision for a Prosperous, Modern, Competitive and Climate Neutral Economy},
  author = {{European Commission}},
  year = {2018},
  url = {https://ec.europa.eu/clima/system/files/2018-11/com\_2018\_733\_analysis\_in\_support\_en.pdf},
  file = {/home/fneum/Zotero/storage/QMU2F29S/PDF.pdf}
}

@article{kendziorskiCentralizedDecentral2022a,
  title = {Centralized and Decentral Approaches to Succeed the 100\% Energiewende in {{Germany}} in the {{European}} Context – {{A}} Model-Based Analysis of Generation, Network, and Storage Investments},
  author = {Kendziorski, Mario and Göke, Leonard and {von Hirschhausen}, Christian and Kemfert, Claudia and Zozmann, Elmar},
  year = {2022},
  month = aug,
  journal = {Energy Policy},
  volume = {167},
  pages = {113039},
  issn = {03014215},
  doi = {10.1016/j.enpol.2022.113039},
  urldate = {2023-02-11},
  langid = {english},
  file = {/home/fneum/Zotero/storage/NAH9U2L8/Kendziorski et al. - 2022 - Centralized and decentral approaches to succeed th.pdf}
}

@article{kluschkeMarketDiffusion2019,
  title = {Market Diffusion of Alternative Fuels and Powertrains in Heavy-Duty Vehicles: {{A}} Literature Review},
  shorttitle = {Market Diffusion of Alternative Fuels and Powertrains in Heavy-Duty Vehicles},
  author = {Kluschke, Philipp and Gnann, Till and Plötz, Patrick and Wietschel, Martin},
  year = {2019},
  month = nov,
  journal = {Energy Rep.},
  volume = {5},
  pages = {1010--1024},
  issn = {23524847},
  doi = {10.1016/j.egyr.2019.07.017},
  urldate = {2023-02-02},
  langid = {english},
  file = {/home/fneum/Zotero/storage/HYB4BA9V/kluschke2019.pdf.pdf;/home/fneum/Zotero/storage/PEU5AT9U/Kluschke et al. - 2019 - Market diffusion of alternative fuels and powertra.pdf}
}

@article{lechtenbohmerDecarbonisingEnergy2016,
  title = {Decarbonising the Energy Intensive Basic Materials Industry through Electrification – {{Implications}} for Future {{EU}} Electricity Demand},
  author = {Lechtenböhmer, Stefan and Nilsson, Lars J. and Åhman, Max and Schneider, Clemens},
  year = {2016},
  month = nov,
  journal = {Energy},
  volume = {115},
  pages = {1623--1631},
  issn = {03605442},
  doi = {10.1016/j.energy.2016.07.110},
  urldate = {2021-09-29},
  langid = {english},
  file = {/home/fneum/Zotero/storage/FE3FZWKR/Lechtenböhmer et al. - 2016 - Decarbonising the energy intensive basic materials.pdf;/home/fneum/Zotero/storage/JE4CFLLU/10.1016@j.energy.2016.07.110.pdf.pdf;/home/fneum/Zotero/storage/N267X92H/Lechtenböhmer et al. - 2016 - Decarbonising the energy intensive basic materials.pdf;/home/fneum/Zotero/storage/TVFUE784/Lechtenböhmer et al. - 2016 - Decarbonising the energy intensive basic materials.pdf;/home/fneum/Zotero/storage/XLRYN7BR/10.1016@j.energy.2016.07.110.pdf.pdf}
}

@article{Loffler_2019,
  title = {Modeling the Low-Carbon Transition of the {{European}} Energy System - {{A}} Quantitative Assessment of the Stranded Assets Problem},
  author = {Löffler, Konstantin and Burandt, Thorsten and Hainsch, Karlo and Oei, Pao-Yu},
  year = {2019},
  month = nov,
  journal = {Energy Strategy Rev.},
  journaltitle = {Energy Strategy Reviews},
  volume = {26},
  pages = {100422},
  issn = {2211-467X},
  doi = {10.1016/j.esr.2019.100422},
  urldate = {2019-12-11},
  langid = {english},
  keywords = {Decarbonization,Energy policy,Energy system modeling,Energy transition,GENeSYS-MOD,Renewables,Stranded assets}
}

@article{lombardiPolicyDecision2020,
  title = {Policy {{Decision Support}} for {{Renewables Deployment}} through {{Spatially Explicit Practically Optimal Alternatives}}},
  author = {Lombardi, Francesco and Pickering, Bryn and Colombo, Emanuela and Pfenninger, Stefan},
  year = {2020},
  month = aug,
  journal = {Joule},
  pages = {S2542435120303482},
  issn = {25424351},
  doi = {10.1016/j.joule.2020.08.002},
  urldate = {2020-08-24},
  langid = {english},
  keywords = {read,star},
  annotation = {3 citations (Crossref) [2021-02-14]},
  file = {/home/fneum/Zotero/storage/H99SGFTN/Lombardi et al. - 2020 - Policy Decision Support for Renewables Deployment .pdf;/home/fneum/Zotero/storage/KYC8VG4N/Lombardi et al. - 2020 - Policy Decision Support for Renewables Deployment .pdf}
}

@article{ludererImpactDeclining2021,
  title = {Impact of Declining Renewable Energy Costs on Electrification in Low-Emission Scenarios},
  author = {Luderer, Gunnar and Madeddu, Silvia and Merfort, Leon and Ueckerdt, Falko and Pehl, Michaja and Pietzcker, Robert and Rottoli, Marianna and Schreyer, Felix and Bauer, Nico and Baumstark, Lavinia and Bertram, Christoph and Dirnaichner, Alois and Humpenöder, Florian and Levesque, Antoine and Popp, Alexander and Rodrigues, Renato and Strefler, Jessica and Kriegler, Elmar},
  year = {2021},
  month = nov,
  journal = {Nat Energy},
  issn = {2058-7546},
  doi = {10.1038/s41560-021-00937-z},
  urldate = {2021-11-29},
  langid = {english},
  file = {/home/fneum/Zotero/storage/IPP8BV24/Luderer et al. - 2021 - Impact of declining renewable energy costs on elec.pdf}
}

@article{mathiesenSmartEnergy2015,
  title = {Smart {{Energy Systems}} for Coherent 100\% Renewable Energy and Transport Solutions},
  author = {Mathiesen, B.V. and Lund, H. and Connolly, D. and Wenzel, H. and Østergaard, P.A. and Möller, B. and Nielsen, S. and Ridjan, I. and Karnøe, P. and Sperling, K. and Hvelplund, F.K.},
  year = {2015},
  month = may,
  journal = {Appl. Energy},
  volume = {145},
  pages = {139--154},
  issn = {03062619},
  doi = {10.1016/j.apenergy.2015.01.075},
  urldate = {2021-12-09},
  langid = {english},
  file = {/home/fneum/Zotero/storage/UFTR3QXY/mathiesen2015.pdf.pdf;/home/fneum/Zotero/storage/UI3WNE44/mathiesen2015.pdf.pdf}
}

@article{Neumann2019,
  title = {The Near-Optimal Feasible Space of a Renewable Power System Model},
  author = {Neumann, Fabian and Brown, Tom},
  year = {2021},
  journal = {Electr. Power Syst. Res.},
  volume = {190},
  pages = {106690},
  issn = {0378-7796},
  doi = {10.1016/j.epsr.2020.106690},
  file = {/home/fneum/Zotero/storage/ZSNYY89Q/neumann2021.pdf.pdf}
}

@article{odenwellerProbabilisticFeasibility2022a,
  title = {Probabilistic Feasibility Space of Scaling up Green Hydrogen Supply},
  author = {Odenweller, Adrian and Ueckerdt, Falko and Nemet, Gregory F. and Jensterle, Miha and Luderer, Gunnar},
  year = {2022},
  month = sep,
  journal = {Nat Energy},
  volume = {7},
  number = {9},
  pages = {854--865},
  issn = {2058-7546},
  doi = {10.1038/s41560-022-01097-4},
  urldate = {2023-02-12},
  langid = {english},
  file = {/home/fneum/Zotero/storage/CMH8HV69/Odenweller et al. - 2022 - Probabilistic feasibility space of scaling up gree.pdf}
}

@article{pedersenModelingAll2021,
  title = {Modeling All Alternative Solutions for Highly Renewable Energy Systems},
  author = {Pedersen, Tim T. and Victoria, Marta and Rasmussen, Morten G. and Andresen, Gorm B.},
  year = {2021},
  month = nov,
  journal = {Energy},
  volume = {234},
  pages = {121294},
  issn = {03605442},
  doi = {10.1016/j.energy.2021.121294},
  urldate = {2022-07-11},
  langid = {english},
  keywords = {⛔ No DOI found},
  file = {/home/fneum/Zotero/storage/3GTQEI9G/Pedersen et al. - 2021 - Modeling all alternative solutions for highly rene.pdf;/home/fneum/Zotero/storage/G6B4SEKL/Pedersen et al. - 2020 - Modeling all alternative solutions for highly rene.pdf;/home/fneum/Zotero/storage/S3JHSARE/pedersen2021.pdf.pdf}
}

@article{pickeringDiversityOptions2022,
  title = {Diversity of Options to Eliminate Fossil Fuels and Reach Carbon Neutrality across the Entire {{European}} Energy System},
  author = {Pickering, Bryn and Lombardi, Francesco and Pfenninger, Stefan},
  year = {2022},
  month = jun,
  journal = {Joule},
  volume = {6},
  number = {6},
  pages = {1253--1276},
  issn = {25424351},
  doi = {10.1016/j.joule.2022.05.009},
  urldate = {2022-06-30},
  langid = {english},
  file = {/home/fneum/Zotero/storage/E99V53GR/Pickering - Diversity of options to eliminate fossil fuels and.pdf}
}

@inproceedings{plutaSciGRIDGas2022a,
  title = {{{SciGRID}}\_gas - {{Data Model}} of the {{European Gas Transport Network}}},
  booktitle = {2022 {{Open Source Modelling}} and {{Simulation}} of {{Energy Systems}} ({{OSMSES}})},
  author = {Pluta, Adam and Medjroubi, Wided and Diettrich, Jan C. and Dasenbrock, Jan and Tetens, Hendrik-Pieter and Sandoval, Javier E. and Lunsdorf, Ontje},
  year = {2022},
  month = apr,
  pages = {1--7},
  publisher = {{IEEE}},
  address = {{Aachen, Germany}},
  doi = {10.1109/OSMSES54027.2022.9769122},
  urldate = {2022-07-11},
  isbn = {978-1-66541-008-3},
  file = {/home/fneum/Zotero/storage/UW9FHQEL/Pluta et al. - 2022 - SciGRID_gas - Data Model of the European Gas Trans.pdf}
}

@article{ruizENSPRESOOpen2019,
  title = {{{ENSPRESO}} - an Open, {{EU-28}} Wide, Transparent and Coherent Database of Wind, Solar and Biomass Energy Potentials},
  author = {Ruiz, P. and Nijs, W. and Tarvydas, D. and Sgobbi, A. and Zucker, A. and Pilli, R. and Jonsson, R. and Camia, A. and Thiel, C. and {Hoyer-Klick}, C. and Dalla Longa, F. and Kober, T. and Badger, J. and Volker, P. and Elbersen, B.S. and Brosowski, A. and Thrän, D.},
  year = {2019},
  month = nov,
  journal = {Energy Strategy Rev.},
  volume = {26},
  pages = {100379},
  issn = {2211467X},
  doi = {10.1016/j.esr.2019.100379},
  urldate = {2019-10-20},
  langid = {english},
  annotation = {ZSCC: 0000000 12 citations (Crossref) [2021-02-14]},
  file = {/home/fneum/Zotero/storage/L955UR6Y/Ruiz et al. - 2019 - ENSPRESO - an open, EU-28 wide, transparent and co.pdf}
}

@misc{SARAH,
  title = {Surface Radiation Data Set - Heliosat ({{SARAH}}) - Edition 2},
  author = {Pfeifroth, Uwe and Kothe, Steffen and Müller, Richard and Trentmann, Jörg and Hollmann, Rainer and Fuchs, Petra and Werscheck, Martin},
  year = {2017},
  doi = {10.5676/EUM_SAF_CM/SARAH/V002},
  organization = {{Satellite Application Facility on Climate Monitoring}}
}

@article{sasseDistributionalTradeoffs2019,
  title = {Distributional Trade-Offs between Regionally Equitable and Cost-Efficient Allocation of Renewable Electricity Generation},
  author = {Sasse, Jan-Philipp and Trutnevyte, Evelina},
  year = {2019},
  month = nov,
  journal = {Appl. Energy},
  volume = {254},
  pages = {113724},
  issn = {03062619},
  doi = {10.1016/j.apenergy.2019.113724},
  urldate = {2019-08-30},
  langid = {english},
  annotation = {ZSCC: 0000000 14 citations (Crossref) [2021-02-14]},
  file = {/home/fneum/Zotero/storage/7XL3MYKN/Sasse and Trutnevyte - 2019 - Distributional trade-offs between regionally equit.pdf;/home/fneum/Zotero/storage/8TQ5RS98/Sasse and Trutnevyte - 2019 - Distributional trade-offs between regionally equit.pdf;/home/fneum/Zotero/storage/HLUS59LA/Sasse and Trutnevyte - 2019 - Distributional trade-offs between regionally equit.pdf}
}

@article{sasseLowcarbonElectricity2023,
  title = {A Low-Carbon Electricity Sector in {{Europe}} Risks Sustaining Regional Inequalities in Benefits and Vulnerabilities},
  author = {Sasse, Jan-Philipp and Trutnevyte, Evelina},
  year = {2023},
  month = apr,
  journal = {Nat Commun},
  volume = {14},
  number = {1},
  pages = {2205},
  issn = {2041-1723},
  doi = {10.1038/s41467-023-37946-3},
  urldate = {2023-04-19},
  langid = {english},
  file = {/home/fneum/Zotero/storage/YNY9YXWH/Sasse and Trutnevyte - 2023 - A low-carbon electricity sector in Europe risks su.pdf}
}

@article{sasseRegionalImpacts2020,
  title = {Regional Impacts of Electricity System Transition in {{Central Europe}} until 2035},
  author = {Sasse, Jan-Philipp and Trutnevyte, Evelina},
  year = {2020},
  month = dec,
  journal = {Nat Commun},
  volume = {11},
  number = {1},
  pages = {4972},
  issn = {2041-1723},
  doi = {10.1038/s41467-020-18812-y},
  urldate = {2020-10-06},
  langid = {english},
  annotation = {0 citations (Crossref) [2021-02-14]},
  file = {/home/fneum/Zotero/storage/VBQU5LMH/Sasse and Trutnevyte - 2020 - Regional impacts of electricity system transition .pdf}
}

@article{schlachtbergerBenefitsCooperation2017,
  title = {The {{Benefits}} of {{Cooperation}} in a {{Highly Renewable European Electricity Network}}},
  author = {Schlachtberger, David P. and Brown, Tom and Schramm, Stefan and Greiner, Martin},
  year = {2017},
  month = sep,
  journal = {Energy},
  volume = {134},
  pages = {469--481},
  issn = {03605442},
  doi = {10.1016/j.energy.2017.06.004},
  urldate = {2019-09-22},
  langid = {english},
  file = {/home/fneum/Zotero/storage/KK2J5GWB/Schlachtberger et al. - 2017 - The Benefits of Cooperation in a Highly Renewable .pdf}
}

@article{schonauerHydrogenFuture2022,
  title = {Hydrogen in Future Energy Systems: {{Social}} Acceptance of the Technology and Its Large-Scale Infrastructure},
  shorttitle = {Hydrogen in Future Energy Systems},
  author = {Schönauer, Anna-Lena and Glanz, Sabrina},
  year = {2022},
  month = mar,
  journal = {Int. J. Hydrog. Energy},
  volume = {47},
  number = {24},
  pages = {12251--12263},
  issn = {03603199},
  doi = {10.1016/j.ijhydene.2021.05.160},
  urldate = {2023-02-02},
  langid = {english},
  file = {/home/fneum/Zotero/storage/XITBTCXW/S0360319921020097.pdf.pdf}
}

@article{staffellRoleHydrogen2019a,
  title = {The Role of Hydrogen and Fuel Cells in the Global Energy System},
  author = {Staffell, Iain and Scamman, Daniel and Velazquez Abad, Anthony and Balcombe, Paul and Dodds, Paul E. and Ekins, Paul and Shah, Nilay and Ward, Kate R.},
  year = {2019},
  journal = {Energy Environ. Sci.},
  volume = {12},
  number = {2},
  pages = {463--491},
  issn = {1754-5692, 1754-5706},
  doi = {10.1039/C8EE01157E},
  urldate = {2023-02-02},
  langid = {english},
  file = {/home/fneum/Zotero/storage/8ICGS4E3/staffell2019.pdf.pdf;/home/fneum/Zotero/storage/WWXR5NGL/Staffell et al. - 2019 - The role of hydrogen and fuel cells in the global .pdf}
}

@article{toktarovaInteractionElectrified2022,
  title = {Interaction between Electrified Steel Production and the North {{European}} Electricity System},
  author = {Toktarova, Alla and Walter, Viktor and Göransson, Lisa and Johnsson, Filip},
  year = {2022},
  month = mar,
  journal = {Appl. Energy},
  volume = {310},
  pages = {118584},
  issn = {03062619},
  doi = {10.1016/j.apenergy.2022.118584},
  urldate = {2022-02-03},
  langid = {english},
  file = {/home/fneum/Zotero/storage/GRR4SJYM/Toktarova et al. - 2022 - Interaction between electrified steel production a.pdf}
}

@article{trondleTradeOffsGeographic2020,
  title = {Trade-{{Offs}} between {{Geographic Scale}}, {{Cost}}, and {{Infrastructure Requirements}} for {{Fully Renewable Electricity}} in {{Europe}}},
  author = {Tröndle, Tim and Lilliestam, Johan and Marelli, Stefano and Pfenninger, Stefan},
  year = {2020},
  month = aug,
  journal = {Joule},
  pages = {S2542435120303366},
  issn = {25424351},
  doi = {10.1016/j.joule.2020.07.018},
  urldate = {2020-08-24},
  langid = {english},
  keywords = {read,star},
  annotation = {4 citations (Crossref) [2021-02-14]},
  file = {/home/fneum/Zotero/storage/I3VTTL4J/Tröndle et al. - 2020 - Trade-Offs between Geographic Scale, Cost, and Inf.pdf}
}

@article{tsikliosHydrogenTransport2022,
  title = {Hydrogen Transport in Large-Scale Transmission Pipeline Networks: {{Thermodynamic}} and Environmental Assessment of Repurposed and New Pipeline Configurations},
  shorttitle = {Hydrogen Transport in Large-Scale Transmission Pipeline Networks},
  author = {Tsiklios, C. and Hermesmann, M. and Müller, T.E.},
  year = {2022},
  month = dec,
  journal = {Appl. Energy},
  volume = {327},
  pages = {120097},
  issn = {03062619},
  doi = {10.1016/j.apenergy.2022.120097},
  urldate = {2023-02-02},
  langid = {english}
}

@article{victoria2020,
  title = {Early Decarbonisation of the {{European}} Energy System Pays Off},
  author = {Victoria, M. and Zhu, K. and Brown, T. and Andresen, G.B. and Greiner, M.},
  year = {2020},
  journal = {Nat Commun},
  volume = {11},
  number = {1},
  pages = {6223},
  doi = {10.1038/s41467-020-20015-4},
  keywords = {⛔ No DOI found},
  file = {/home/fneum/Zotero/storage/KB3T263P/Victoria et al. - 2020 - Early decarbonisation of the European energy syste.pdf;/home/fneum/Zotero/storage/ZGB84FG2/10.1038@s41467-020-20015-4.pdf.pdf}
}

@article{victoriaSpeedTechnological2022,
  title = {Speed of Technological Transformations Required in {{Europe}} to Achieve Different Climate Goals},
  author = {Victoria, Marta and Zeyen, Elisabeth and Brown, Tom},
  year = {2022},
  month = may,
  journal = {Joule},
  volume = {6},
  number = {5},
  pages = {1066--1086},
  issn = {25424351},
  doi = {10.1016/j.joule.2022.04.016},
  urldate = {2022-07-11},
  langid = {english},
  file = {/home/fneum/Zotero/storage/33NA6DYH/Victoria et al. - Speed of technological transformations required fo.pdf;/home/fneum/Zotero/storage/6G89R35T/Victoria et al. - 2022 - Speed of technological transformations required in.pdf;/home/fneum/Zotero/storage/M36YNC9Y/Supplementary_20210831_ez.pdf;/home/fneum/Zotero/storage/ZMDEB8G8/Victoria et al. - 2021 - Speed of technological transformations required fo.pdf}
}

@article{voglAssessmentHydrogen2018,
  title = {Assessment of Hydrogen Direct Reduction for Fossil-Free Steelmaking},
  author = {Vogl, Valentin and Åhman, Max and Nilsson, Lars J.},
  year = {2018},
  month = dec,
  journal = {J. Clean. Prod.},
  volume = {203},
  pages = {736--745},
  issn = {09596526},
  doi = {10.1016/j.jclepro.2018.08.279},
  urldate = {2021-12-09},
  langid = {english},
  file = {/home/fneum/Zotero/storage/KJJIAXVR/vogl2018.pdf.pdf;/home/fneum/Zotero/storage/LIY496R9/Vogl et al. - 2018 - Assessment of hydrogen direct reduction for fossil.pdf}
}

@article{voglPhasingOut2021,
  title = {Phasing out the Blast Furnace to Meet Global Climate Targets},
  author = {Vogl, Valentin and Olsson, Olle and Nykvist, Björn},
  year = {2021},
  month = oct,
  journal = {Joule},
  volume = {5},
  number = {10},
  pages = {2646--2662},
  issn = {25424351},
  doi = {10.1016/j.joule.2021.09.007},
  urldate = {2021-10-24},
  langid = {english},
  file = {/home/fneum/Zotero/storage/47HFTBKK/Vogl et al. - 2021 - Phasing out the blast furnace to meet global clima.pdf;/home/fneum/Zotero/storage/H5RTF7JV/Vogl et al. - 2021 - Phasing out the blast furnace to meet global clima.pdf}
}

@article{wangGreeningAmmonia2018,
  title = {Greening {{Ammonia}} toward the {{Solar Ammonia Refinery}}},
  author = {Wang, Lu and Xia, Meikun and Wang, Hong and Huang, Kefeng and Qian, Chenxi and Maravelias, Christos T. and Ozin, Geoffrey A.},
  year = {2018},
  month = jun,
  journal = {Joule},
  volume = {2},
  number = {6},
  pages = {1055--1074},
  issn = {25424351},
  doi = {10.1016/j.joule.2018.04.017},
  urldate = {2021-12-09},
  langid = {english},
  file = {/home/fneum/Zotero/storage/UD48IDZQ/wang2018.pdf.pdf;/home/fneum/Zotero/storage/VRDRG9E7/Wang et al. - 2018 - Greening Ammonia toward the Solar Ammonia Refinery.pdf}
}

@article{wetzelGreenEnergy2023a,
  title = {Green Energy Carriers and Energy Sovereignty in a Climate Neutral {{European}} Energy System},
  author = {Wetzel, Manuel and Gils, Hans Christian and Bertsch, Valentin},
  year = {2023},
  month = jul,
  journal = {Renew. Energy},
  volume = {210},
  pages = {591--603},
  issn = {09601481},
  doi = {10.1016/j.renene.2023.04.015},
  urldate = {2023-04-26},
  langid = {english},
  file = {/home/fneum/Zotero/storage/IINXPTG8/Wetzel et al. - 2023 - Green energy carriers and energy sovereignty in a .pdf}
}

@misc{zeyenEndogenousLearning2022,
  title = {Endogenous Learning for Green Hydrogen in a Sector-Coupled Energy Model for {{Europe}}},
  author = {Zeyen, Elisabeth and Victoria, Marta and Brown, Tom},
  year = {2022},
  month = aug,
  doi = {10.48550/arXiv.2205.11901},
  urldate = {2022-10-08},
  langid = {english},
  file = {/home/fneum/Zotero/storage/96R9523V/Zeyen et al. - 2022 - Endogenous learning for green hydrogen in a sector.pdf}
}

@article{zeyenMitigatingHeat2021,
  title = {Mitigating Heat Demand Peaks in Buildings in a Highly Renewable {{European}} Energy System},
  author = {Zeyen, Elisabeth and Hagenmeyer, Veit and Brown, Tom},
  year = {2021},
  month = sep,
  journal = {Energy},
  volume = {231},
  eprint = {2012.01831},
  pages = {120784},
  issn = {03605442},
  doi = {10.1016/j.energy.2021.120784},
  urldate = {2021-12-09},
  archiveprefix = {arxiv},
  file = {/home/fneum/Zotero/storage/38KDN94L/zeyen2021.pdf.pdf;/home/fneum/Zotero/storage/7GCS8QAS/Zeyen et al. - 2021 - Mitigating heat demand peaks in buildings in a hig.pdf;/home/fneum/Zotero/storage/FTWIQWUU/Zeyen et al. - 2021 - Mitigating heat demand peaks in buildings in a hig.pdf;/home/fneum/Zotero/storage/WN9R55AY/zeyen2021.pdf.pdf;/home/fneum/Zotero/storage/7JWCM39L/2012.html}
}
